@article{Stockem2009,
  doi = {10.1088/0741-3335/51/7/075014},
  year = {2009},
  volume = {51},
  number = {7},
  pages = {075014},
  author = {A Stockem and M E Dieckmann and R Schlickeiser},
  title = {{PIC} simulations of the thermal anisotropy-driven {W}eibel instability: field growth and phase space evolution upon saturation},
  journal = {Plasma Phys. Control. Fusion},
  langid = {english}
}

@article{SchaeferRolffs2006,
  doi = {10.1063/1.2164812},
  _url = {https://doi.org/10.1063/1.2164812},
  year = {2006},
  _month = jan,
  publisher = {{AIP} Publishing},
  volume = {13},
  number = {1},
  pages = {012107},
  author = {U. Schaefer-Rolffs and I. Lerche and R. Schlickeiser},
  title = {The relativistic kinetic {W}eibel instability: {G}eneral arguments and specific illustrations},
  journal = {Phys. Plasmas},
  langid = {english}
}

@book{Gary1993,
  doi = {10.1017/cbo9780511551512},
  year  = {1993},
  publisher = {Cambridge University Press},
  author = {S. Peter Gary},
  title = {Theory of space plasma microinstabilities},
  address = {Cambridge},
  pagetotal = {184},
  langid = {english}
}


@article{Garasev2022_JPP,
	doi = {10.1017/S0022377822000423},
	year  = {2022},
	volume = {88},
	issue = {3},
	pages = {175880301},
	author = {Garasev, M. A. and Nechaev, A. A. and Stepanov, A. N. and Kocharovsky, V. V. and Kocharovsky, Vl. V.},
	title = {Multiscale magnetic field structures in an expanding elongated plasma cloud with hot electrons subject to an external magnetic field},
	journal = {J. Plasma Phys.},
	langid = {english}
}

@article{Vasyliunas1968,
    author = {Vasyliunas, Vytenis M.},
    title = {A survey of low-energy electrons in the evening sector of the magnetosphere with {OGO 1} and {OGO 3}},
    journal = {J. Geophys. Res.},
    volume = {73},
    number = {9},
    pages = {2839--2884},
    doi = {https://doi.org/10.1029/JA073i009p02839},
    year = {1968},
    langid = {english}
}

@article{Dudik2017,
  doi = {10.1007/s11207-017-1125-0},
  year = {2017},
  volume = {292},
  number = {8},
  author = {Jaroslav Dud{\'{i}}k and Elena Dzif{\v{c}}{\'{a}}kov{\'{a}} and Nicole Meyer-Vernet and Giulio Del Zanna and Peter R. Young and Alessandra Giunta and Barbara Sylwester and Janusz Sylwester and Mitsuo Oka and Helen E. Mason and Christian Vocks and Lorenzo Matteini and S. Krucker and David R. Williams and {\v{S}}imon Mackovjak},
  title = {Nonequilibrium Processes in the Solar Corona,  Transition Region,  Flares,  and Solar Wind (Invited Review)},
  journal = {Sol. Phys.},
  pages = {100},
  langid = {english}
}

@article{Kato2005,
  doi = {10.1063/1.2017942},
  year = {2005},
  _month = aug,
  publisher = {{AIP} Publishing},
  volume = {12},
  number = {8},
  pages = {080705},
  author = {Tsunehiko N. Kato},
  title = {Saturation mechanism of the {Weibel} instability in weakly magnetized plasmas},
  journal = {Phys. Plasmas},
  langid = {english}
}

@article{Lemons1979, 
    title={Nonlinear theory of the Weibel instability}, 
    volume={21}, 
    number={2}, 
    journal={J. Plasma Phys.}, 
    author={Lemons, Don S. and Winske, D. and Gary, S. Peter}, 
    year={1979}, 
    pages={287--300},
    doi={10.1017/S0022377800021851},
    langid = {english}
}

@article{Borodachev2010,
  doi = {10.1017/s0022377810000188},
  year = {2010},
  volume = {77},
  number = {2},
  pages = {277--287},
  author = {L. V. Borodachev and D. O. Kolomiets},
  title = {Single-species {Weibel} instability of radiationless plasma},
  journal = {J. Plasma Phys.},
  langid = {english}
}

@article{Arber2015,
  doi = {10.1088/0741-3335/57/11/113001},
  year = {2015},
  _month = sep,
  publisher = {{IOP} Publishing},
  volume = {57},
  number = {11},
  pages = {113001},
  author = {T D Arber and K Bennett and C S Brady and A Lawrence-Douglas and M G Ramsay and N J Sircombe and P Gillies and R G Evans and H Schmitz and A R Bell and C P Ridgers},
  title = {Contemporary particle-in-cell approach to laser-plasma modelling},
  journal = {Plasma Phys. Control. Fusion},
  langid = {english}
}
@article{Pokhotelov2011,
  doi = {10.5194/angeo-29-1997-2011},
  year = {2011},
  _month = nov,
  publisher = {Copernicus {GmbH}},
  volume = {29},
  number = {11},
  pages = {1997--2001},
  author = {O. A. Pokhotelov and O. A. Amariutei},
  title = {Quasi-linear dynamics of {Weibel} instability},
  journal = {Annales Geophysicae},
  langid = {english}
}


@book{Baumjohann2012,
  title={Basic Space Plasma Physics},
  author={Baumjohann, W. and Treumann, R.A.},
  year={2012},
  publisher={Imperial College Press},
  address = {London},
  pagetotal = {496},
  langid = {english}
}

@article{Treumann2009,
  doi = {10.1007/s00159-009-0024-2},
  year = {2009},
  _month = sep,
  volume = {17},
  number = {4},
  pages = {409--535},
  author = {R. A. Treumann},
  title = {Fundamentals of collisionless shocks for astrophysical application,  1. Non-relativistic shocks},
  journal = {Astron. Astrophys. Rev.},
  langid = {english},
}

@article{Marcowith2016,
  doi = {10.1088/0034-4885/79/4/046901},
  year = {2016},
  volume = {79},
  number = {4},
  pages = {046901},
  author = {A Marcowith and A Bret and A Bykov and M E Dieckman and L O'C Drury and B Lemb{\`{e}}ge and M Lemoine and G Morlino and G Murphy and G Pelletier and I Plotnikov and B Reville and M Riquelme and L Sironi and A {Stockem Novo}},
  title = {The microphysics of collisionless shock waves},
  journal = {Rep. Prog. Phys.},
	langid = {english},
}

@book{Birdsall2018,
  doi = {10.1201/9781315275048},
  _url = {https://doi.org/10.1201/9781315275048},
  year = {2018},
  _month = oct,
  publisher = {{CRC} Press},
  author = {C. K. Birdsall and A. B. Langdon},
  title = {Plasma Physics via Computer Simulation},
  pagetotal = {504},
  langid = {english}
}


@article{Weibel1959,
  doi = {10.1103/physrevlett.2.83},
  year = {1959},
  _month = feb,
  publisher = {American Physical Society ({APS})},
  volume = {2},
  number = {3},
  pages = {83--84},
  author = {Erich S. Weibel},
  title = {Spontaneously Growing Transverse Waves in a Plasma Due to an Anisotropic Velocity Distribution},
  journal = {Phys. Rev. Lett.},
  langid = {english}
}

@article{Fried1959,
  doi = {10.1063/1.1705933},
  year = {1959},
  publisher = {{AIP} Publishing},
  volume = {2},
  number = {3},
  pages = {337},
  author = {Burton D. Fried},
  title = {Mechanism for Instability of Transverse Plasma Waves},
  journal = {Phys. Fluids},
  langid = {english}
}
@article{Livadiotis2021,
  doi = {10.3847/1538-4365/abd4ed},
  year = {2021},
  _month = mar,
  publisher = {American Astronomical Society},
  volume = {253},
  number = {1},
  pages = {16},
  author = {G. Livadiotis and G. Nicolaou and F. Allegrini},
  title = {Anisotropic {Kappa} Distributions. {I}. Formulation Based on Particle Correlations},
  journal = {ApJS},
  langid = {english}
}

@book{Livadiotis2017,
 Author = {George Livadiotis},
 title = {Kappa Distributions: Theory and Applications in Plasmas},
 publisher = {Elsevier},
 year = {2017},
 pagetotal = {738},
 isbn = {978-0-12-804638-8},
  langid = {english}
}

@article{Morse1971,
  doi = {10.1063/1.1693518},
  year = {1971},
  publisher = {{AIP} Publishing},
  volume = {14},
  number = {4},
  pages = {830},
  author = {R. L. Morse and C. W. Nielson},
  title = {Numerical Simulation of the {Weibel} Instability in One and Two Dimensions},
  journal = {Phys. Fluids},
  langid = {english}
}
@article{Vagin2014,
  doi = {10.1134/s1063780x14040096},
  year = {2014},
  _month = may,
  publisher = {Pleiades Publishing Ltd},
  volume = {40},
  number = {5},
  pages = {393--403},
  author = {K. Yu. Vagin and S. A. Uryupin},
  title = {On the growth rate of aperiodic instability in plasma with an anisotropic bi-{Maxwellian} electron velocity distribution},
  journal = {Plasma Phys. Rep.},
  langid = {english}
}
@article{Kalman1968,
  doi = {10.1063/1.1692198},
  year = {1968},
  publisher = {{AIP} Publishing},
  volume = {11},
  number = {8},
  pages = {1797},
  author = {G. Kalman},
  title = {Anisotropic Temperature Plasma Instabilities},
  journal = {Phys. Fluids},
  langid = {english}
}

@article{Lazar2006,
  doi = {10.1063/1.2357047},
  year = {2006},
  volume = {13},
  number = {10},
  pages = {102107},
  author = {M. Lazar and R. Schlickeiser and P. K. Shukla},
  title = {Cumulative effect of the filamentation and {W}eibel instabilities in counterstreaming thermal plasmas},
  journal = {Phys. Plasmas},
  langid = {english}
}

@article{Lazar2010,
  doi = {10.1063/1.3446827},
  year = {2010},
  _month = jun,
  publisher = {{AIP} Publishing},
  volume = {17},
  number = {6},
  pages = {062112},
  author = {M. Lazar and R. Schlickeiser and S. Poedts},
  title = {Is the {Weibel} instability enhanced by the suprathermal populations or not?},
  journal = {Phys. Plasmas},
  langid = {english}
}

@article{Maksimovic2005,
  doi = {10.1029/2005ja011119},
  year = {2005},
  _month = sep,
  publisher = {American Geophysical Union ({AGU})},
  volume = {110},
  issue = {A9},
  pages = {A09104},
  author = {M. Maksimovic and I. Zouganelis and J.-Y. Chaufray and K. Issautier and E. E. Scime and J. E. Littleton and E. Marsch and D. J. McComas and C. Salem and R. P. Lin and H. Elliott},
  title = {Radial evolution of the electron distribution functions in the fast solar wind between 0.3 and 1.5 {AU}},
  journal = {J. Geophys. Res.: Space Physics},
  langid = {english}
}

@article{Rubab2016,
  doi = {10.1002/2015ja022206},
  year = {2016},
  _month = mar,
  publisher = {American Geophysical Union ({AGU})},
  volume = {121},
  number = {3},
  pages = {1874--1885},
  author = {Nazish Rubab and Abraham C.-L. Chian and Vera Jatenco-Pereira},
  title = {On the ordinary mode {Weibel} instability in space plasmas: {A} comparison of three-particle distributions},
  journal = {J. Geophys. Res.: Space Physics},
  langid = {english}
}

@article{Zaheer2007,
  doi = {10.1063/1.2536159},
  year = {2007},
  _month = feb,
  publisher = {{AIP} Publishing},
  volume = {14},
  number = {2},
  pages = {022108},
  author = {S. Zaheer and G. Murtaza},
  title = {Weibel instability with non-{Maxwellian} distribution functions},
  journal = {Phys. Plasmas},
  langid = {english}
}

@article{Davidson1972,
  doi = {10.1063/1.1693910},
  year = {1972},
  volume = {15},
  number = {2},
  pages = {317},
  author = {Ronald C. Davidson},
  title = {Nonlinear Development of Electromagnetic Instabilities in Anisotropic Plasmas},
  journal = {Phys. Fluids},
  langid = {english}
}

@article{Zhou2022,
  doi = {10.1073/pnas.2119831119},
  year = {2022},
  volume = {119},
  number = {19},
  pages = {e2119831119},
  author = {Muni Zhou and Vladimir Zhdankin and Matthew W. Kunz and Nuno F. Loureiro and Dmitri A. Uzdensky},
  title = {Spontaneous magnetization of collisionless plasma},
  journal = {Proc. Natl. Acad. Sci. U.S.A.},
  langid = {english}
}

@article{Ruyer2015,
  doi = {10.1063/1.4913651},
  year = {2015},
  volume = {22},
  number = {3},
  pages = {032102},
  author = {C. Ruyer and L. Gremillet and A. Debayle and G. Bonnaud},
  title = {Nonlinear dynamics of the ion Weibel-filamentation instability: An analytical model for the evolution of the plasma and spectral properties},
  journal = {Phys. Plasmas},
  langid = {english}
}

@article{Chatterjee2017,
  doi = {10.1038/ncomms15970},
  year = {2017},
  volume = {8},
  number = {1},
  pages = {15970},
  author = {Gourab Chatterjee and Kevin M. Schoeffler and Prashant Kumar Singh and Amitava Adak and Amit D. Lad and Sudip Sengupta and Predhiman Kaw and Luis O. Silva and Amita Das and G. Ravindra Kumar},
  title = {Magnetic turbulence in a table-top laser-plasma relevant to astrophysical scenarios},
  journal = {Nat. Commun.},
  langid = {english}
}

@article{Lazar2022,
  doi = {10.3389/fspas.2021.777559},
  year = {2022},
  volume = {8},
  pages = {77559},
  author = {Marian Lazar and R.A. L{\'{o}}pez and Shaaban Mohammed Shaaban and Stefaan Poedts and Peter Haesung Yoon and Horst Fichtner},
  title = {Temperature Anisotropy Instabilities Stimulated by the Solar Wind Suprathermal Populations},
  journal = {Front. Astron. Space Sci.},
  langid = {english}
}

@article{Medvedev2005,
	title = {Long-{Time} {Evolution} of {Magnetic} {Fields} in {Relativistic} {Gamma}-{Ray} {Burst} {Shocks}},
	volume = {618},
	doi = {10.1086/427921},
	langid = {english},
	number = {2},
	journal = {ApJ},
	author = {Medvedev, Mikhail V. and Fiore, Massimiliano and Fonseca, Ricardo A. and Silva, Luis O. and Mori, Warren B.},
	year = {2005},
	pages = {L75--L78},
}

@article{Silva2021,
  doi = {10.1103/physreve.104.035201},
  year = {2021},
  volume = {104},
  number = {3},
  pages = {035201},
  author = {T. Silva and B. Afeyan and L. O. Silva},
  title = {Weibel instability beyond bi-{M}axwellian anisotropy},
  journal = {Phys. Rev. E},
  langid = {english}
}

@article{Pierrard2010,
  doi = {10.1007/s11207-010-9640-2},
  year = {2010},
  _month = oct,
  publisher = {Springer Science and Business Media {LLC}},
  volume = {267},
  number = {1},
  pages = {153--174},
  author = {V. Pierrard and M. Lazar},
  title = {Kappa Distributions: Theory and Applications in Space Plasmas},
  journal = {Sol. Phys.},
  langid = {english}
}

@article{Dieckmann2009,
  doi = {10.1088/0741-3335/51/12/124042},
  year = {2009},
  _month = nov,
  publisher = {{IOP} Publishing},
  volume = {51},
  number = {12},
  pages = {124042},
  author = {M E Dieckmann},
  title = {The filamentation instability driven by warm electron beams: statistics and electric field generation},
  journal = {Plasma Phys. Control. Fusion},
  langid = {english}
}

@article{Romanov2004,
  doi = {10.1103/physrevlett.93.215004},
  year = {2004},
  volume = {93},
  number = {21},
  pages = {215004},
  author = {D. V. Romanov and V. Yu. Bychenkov and W. Rozmus and C. E. Capjack and R. Fedosejevs},
  title = {Self-Organization of a Plasma due to {3D} Evolution of the {W}eibel Instability},
  journal = {Phys. Rev. Lett.},
  langid = {english}
}
@article{Stockem2010,
  doi = {10.1088/0741-3335/52/8/085009},
  year = {2010},
  _month = jul,
  publisher = {{IOP} Publishing},
  volume = {52},
  number = {8},
  pages = {085009},
  author = {A Stockem and M E Dieckmann and R Schlickeiser},
  title = {{PIC} simulations of the temperature anisotropy-driven Weibel instability: analysing the perpendicular mode},
  journal = {Plasma Phys. Control. Fusion},
  langid = {english}
}

@article{YOON2011,
  doi = {10.1017/s0022377811000407},
  year = {2011},
  volume = {78},
  number = {1},
  pages = {47--54},
  author = {PETER H. Yoon and JUNG JOON Seough and KHAN HYUK Kim and DONG HUN Lee},
  title = {Empirical versus exact numerical quasilinear analysis of electromagnetic instabilities driven by temperature anisotropy},
  journal = {J. Plasma Phys.},
  langid = {english}
}

@article{Shaaban2021,
  doi = {10.3847/1538-4357/ac0f01},
  year = {2021},
  volume = {918},
  number = {1},
  pages = {37},
  author = {S. M. Shaaban and M. Lazar and R. F. Wimmer-Schweingruber and H. Fichtner},
  title = {A New Low-beta Regime for Unstable Proton Firehose Modes in Bi-kappa-distributed Plasmas},
  journal = {ApJ},
  langid = {english}
}

@article{Shaaban2019,
  doi = {10.1093/mnras/sty3377},
  year = {2019},
  volume = {483},
  number = {4},
  pages = {5642--5648},
  author = {S M Shaaban and M Lazar and R A L{\'{o}}pez and H Fichtner and S Poedts},
  title = {Firehose instabilities triggered by the solar wind suprathermal electrons},
  journal = {Mon. Not. R. Astron. Soc.},
  langid = {english}
}

@article{Yoon2017,
  doi = {10.1007/s41614-017-0006-1},
  _url = {https://doi.org/10.1007/s41614-017-0006-1},
  year = {2017},
  _month = jul,
  publisher = {Springer Science and Business Media {LLC}},
  volume = {1},
  number = {1},
  pages = {4},
  author = {Peter H. Yoon},
  title = {Kinetic instabilities in the solar wind driven by temperature anisotropies},
  journal = {Rev. Mod. Plasma Phys.},
  langid = {english}
}

@article{Dieckmann2019,
  doi = {10.1088/1361-6587/ab2b2d},
  %_url = {https://doi.org/10.1088/1361-6587/ab2b2d},
  year = {2019},
  _month = jul,
  publisher = {{IOP} Publishing},
  volume = {61},
  number = {8},
  pages = {085027},
  author = {M E Dieckmann and D Folini and A Bret and R Walder},
  title = {Simulation studies of temperature anisotropy driven pair-Alfv{\'{e}}n and aperiodic instabilities in magnetized pair plasma},
  journal = {Plasma Phys. Control. Fusion},
  langid = {english}
}

@article{StockemNovo2015,
  doi = {10.1063/1.4929852},
  %_url = {https://doi.org/10.1063/1.4929852},
  year = {2015},
  _month = sep,
  publisher = {{AIP} Publishing},
  volume = {22},
  number = {9},
  pages = {092301},
  author = {A. {Stockem Novo} and P. H. Yoon and M. Lazar and R. Schlickeiser and S. Poedts and J. Seough},
  title = {Quasilinear saturation of the aperiodic ordinary mode streaming instability},
  journal = {Phys. Plasmas},
  langid = {english}
}

@article{Marsch2006,
  doi = {10.12942/lrsp-2006-1},
  year = {2006},
  volume = {3},
  pages = {1},
  author = {Eckart Marsch},
  title = {Kinetic Physics of the Solar Corona and Solar Wind},
  journal = {Living Rev. Sol. Phys.},
  langid = {english}
}

@article{Echim2010,
  doi = {10.1007/s10712-010-9106-y},
  year = {2010},
  volume = {32},
  number = {1},
  pages = {1--70},
  author = {Marius M. Echim and Joseph Lemaire and {\O}ystein Lie-Svendsen},
  title = {A Review on Solar Wind Modeling: Kinetic and Fluid Aspects},
  journal = {Surv. Geophys.},
  langid = {english}
}

@article{Thaury2010,
  doi = {10.1103/physreve.82.026408},
  year = {2010},
  volume = {82},
  number = {2},
  pages = {026408},
  author = {C. Thaury and P. Mora and A. H{\'{e}}ron and J. C. Adam and T. M. Antonsen},
  title = {Influence of the {W}eibel instability on the expansion of a plasma slab into a vacuum},
  journal = {Phys. Rev. E},
  langid = {english}
}
@article{Zhang2019,
  doi = {10.1126/sciadv.aax4545},
 % _url = {https://doi.org/10.1126/sciadv.aax4545},
  year = {2019},
  _month = sep,
  publisher = {American Association for the Advancement of Science ({AAAS})},
  volume = {5},
  number = {9},
  pages = {eaax4545},
  author = {Chaojie Zhang and Chen-Kang Huang and Ken A. Marsh and Chris E. Clayton and Warren B. Mori and Chan Joshi},
  title = {Ultrafast optical field{\textendash}ionized gases{\textemdash}A laboratory platform for studying kinetic plasma instabilities},
  journal = {Sci. Adv.},
  langid = {english}
}

@article{Silva2020,
  doi = {10.1103/physrevresearch.2.023080},
 % _url = {https://doi.org/10.1103/physrevresearch.2.023080},
  year = {2020},
  volume = {2},
  number = {2},
  pages = {023080},
  author = {T. Silva and K. Schoeffler and J. Vieira and M. Hoshino and R. A. Fonseca and L. O. Silva},
  title = {Anisotropic heating and magnetic field generation due to Raman scattering in laser-plasma interactions},
  journal = {Phys. Rev. Research},
  langid = {english}
}
@article{Shukla2020,
  doi = {10.1103/physrevresearch.2.023129},
  %_url = {https://doi.org/10.1103/physrevresearch.2.023129},
  year = {2020},
  _month = may,
  publisher = {American Physical Society ({APS})},
  volume = {2},
  number = {2},
  pages = {023129},
  author = {N. Shukla and K. Schoeffler and E. Boella and J. Vieira and R. Fonseca and L. O. Silva},
  title = {Interplay between the Weibel instability and the Biermann battery in realistic laser-solid interactions},
  journal = {Phys. Rev. Research},
  langid = {english}
}
@article{Grassi2017,
  doi = {10.1103/physreve.95.023203},
  url = {https://doi.org/10.1103/physreve.95.023203},
  year = {2017},
  month = feb,
  publisher = {American Physical Society ({APS})},
  volume = {95},
  number = {2},
  author = {A. Grassi and M. Grech and F. Amiranoff and F. Pegoraro and A. Macchi and C. Riconda},
  title = {Electron Weibel instability in relativistic counterstreaming plasmas with flow-aligned external magnetic fields},
  journal = {Phys. Rev. E}
}

@article{Zhang2020,
  doi = {10.1103/physrevlett.125.255001},
  %_url = {https://doi.org/10.1103/physrevlett.125.255001},
  year = {2020},
  _month = dec,
  publisher = {American Physical Society ({APS})},
  volume = {125},
  number = {25},
  pages = {255001},
  author = {Chaojie Zhang and Jianfei Hua and Yipeng Wu and Yu Fang and Yue Ma and Tianliang Zhang and Shuang Liu and Bo Peng and Yunxiao He and Chen-Kang Huang and Ken A. Marsh and Warren B. Mori and Wei Lu and Chan Joshi},
  title = {Measurements of the Growth and Saturation of Electron Weibel Instability in Optical-Field Ionized Plasmas},
  journal = {Phys. Rev. Lett.},
  langid = {english}
}

@article{Seough2015,
  doi = {10.1063/1.4905230},
 % _url = {https://doi.org/10.1063/1.4905230},
  year = {2015},
  _month = jan,
  publisher = {{AIP} Publishing},
  volume = {22},
  number = {1},
  pages = {012303},
  author = {Jungjoon Seough and Peter H. Yoon and Junga Hwang},
  title = {Simulation and quasilinear theory of proton firehose instability},
  journal = {Phys. Plasmas},
  langid = {english}
}


@book{Krall1973,
  isbn = {9780070353466},
  year = {1973},
  publisher = {McGraw-Hill},
  address = {New York},
  pagetotal = {674},
  author = {Nicholas A. Krall and Alvin W. Trivelpiece},
  title = {Principles of Plasma Physics},
  langid = {english}
}


@article{Kuznetsov2022,
  doi = {10.1134/s1063780x22600700},
  year = {2022},
  volume = {48},
  number = {9},
  pages = {973--982},
  author = {A. A. Kuznetsov and V. V. Kocharovskii and Vl. V. Kocharovskii and A. A. Nechaev and M. A. Garasev},
  title = {Saturating Magnetic Field of Weibel Instability in Plasmas with Bi-Maxwellian and Bikappa Particle Distributions},
  journal = {Plasma Phys. Rep.},
  langid = {english}
}

@article{Garasev2021,
  doi = {10.1007/s11141-021-10103-w},
  year = {2021},
  volume = {63},
  number = {12},
  pages = {909--920},
  author = {M. A. Garasev and E. V. Derishev},
  title = {Numerical Simulation of Nonlinear Effects in the {W}eibel Instability},
  journal = {Radiophys. Quantum El.},
  langid = {english}
}






@ARTICLE{Emelyanov2023_Radiophys,
       author = {{Emelyanov}, N.~A. and {Kocharovsky}, Vl. V.},
        title = "{Weibel Instability in the Presence of an External Magnetic Field: Analytical Results}",
      journal = {Radiophysics and Quantum Electronics},
         year = 2024,
        month = feb,
       volume = {66},
       number = {9},
        pages = {664-678},
          doi = {10.1007/s11141-024-10326-7},
      adsnote = {Provided by the SAO/NASA Astrophysics Data System}
}

@article{Moya2022,
  title = {Comparing the Counter-beaming and Temperature Anisotropy Driven Aperiodic Electron Firehose Instabilities in Collisionless Plasma Environments},
  volume = {937},
  ISSN = {1538-4357},
  url = {http://dx.doi.org/10.3847/1538-4357/ac8cf8},
  DOI = {10.3847/1538-4357/ac8cf8},
  number = {2},
  journal = {The Astrophysical Journal},
  publisher = {American Astronomical Society},
  author = {Moya,  Pablo S. and López,  Rodrigo A. and Lazar,  Marian and Poedts,  Stefaan and Shaaban,  Shaaban M.},
  year = {2022},
  month = sep,
  pages = {49}
}

@article{Camporeale2008,
  title = {Electron firehose instability: Kinetic linear theory and two‐dimensional particle‐in‐cell simulations},
  volume = {113},
  ISSN = {0148-0227},
  url = {http://dx.doi.org/10.1029/2008JA013043},
  DOI = {10.1029/2008ja013043},
  number = {A7},
  journal = {Journal of Geophysical Research: Space Physics},
  publisher = {American Geophysical Union (AGU)},
  author = {Camporeale,  Enrico and Burgess,  David},
  year = {2008},
  month = jul 
}
@article{Hellinger2014,
  title = {Oblique electron fire hose instability: Particle‐in‐cell simulations},
  volume = {119},
  ISSN = {2169-9402},
  url = {http://dx.doi.org/10.1002/2013JA019227},
  DOI = {10.1002/2013ja019227},
  number = {1},
  journal = {Journal of Geophysical Research: Space Physics},
  publisher = {American Geophysical Union (AGU)},
  author = {Hellinger,  Petr and Trávníček,  Pavel M. and Decyk,  Victor K. and Schriver,  David},
  year = {2014},
  month = jan,
  pages = {59–68}
}

@article{Li2000,
  title = {Electron kinetic firehose instability},
  volume = {105},
  ISSN = {0148-0227},
  url = {http://dx.doi.org/10.1029/2000JA000063},
  DOI = {10.1029/2000ja000063},
  number = {A12},
  journal = {Journal of Geophysical Research: Space Physics},
  publisher = {American Geophysical Union (AGU)},
  author = {Li,  Xing and Habbal,  Shadia Rifai},
  year = {2000},
  month = dec,
  pages = {27377–27385}
}


@article{Lazar2023,
  title = {The aperiodic firehose instability of counter-beaming electrons in space plasmas},
  volume = {670},
  ISSN = {1432-0746},
  url = {http://dx.doi.org/10.1051/0004-6361/202245163},
  DOI = {10.1051/0004-6361/202245163},
  journal = {Astronomy and Astrophysics},
  publisher = {EDP Sciences},
  author = {Lazar,  M. and López,  R. A. and Moya,  P. S. and Poedts,  S. and Shaaban,  S. M.},
  year = {2023},
  month = feb,
  pages = {A85}
}

@article{Lopez2020,
  title = {A firehose-like aperiodic instability of the counter-beaming electron plasmas},
  ISSN = {1361-6587},
  url = {http://dx.doi.org/10.1088/1361-6587/ab8bb5},
  DOI = {10.1088/1361-6587/ab8bb5},
  journal = {Plasma Physics and Controlled Fusion},
  publisher = {IOP Publishing},
  author = {López,  Rodrigo A. and Lazar,  Marian and Shaaban,  Shaaban Mohammed and Poedts,  Stefaan and Moya,  Pablo Sebastian},
  year = {2020},
  month = apr 
}
@article{Kuznetsov2023,
  title = {Quasilinear Simulation of the Development of Weibel Turbulence in Anisotropic Collisionless Plasma},
  volume = {137},
  ISSN = {1090-6509},
  url = {http://dx.doi.org/10.1134/S1063776123120099},
  DOI = {10.1134/s1063776123120099},
  number = {6},
  journal = {Journal of Experimental and Theoretical Physics},
  publisher = {Pleiades Publishing Ltd},
  author = {Kuznetsov,  A. A. and Nechaev,  A. A. and Garasev,  M. A. and Kocharovsky,  Vl. V.},
  year = {2023},
  month = dec,
  pages = {966–985}
}
@article{Lazar2013,
  title = {The Electron Firehose and Ordinary-Mode Instabilities in Space Plasmas},
  volume = {289},
  ISSN = {1573-093X},
  url = {http://dx.doi.org/10.1007/s11207-013-0348-y},
  DOI = {10.1007/s11207-013-0348-y},
  number = {1},
  journal = {Solar Physics},
  publisher = {Springer Science and Business Media LLC},
  author = {Lazar,  M. and Poedts,  S. and Schlickeiser,  R. and Ibscher,  D.},
  year = {2013},
  month = jul,
  pages = {369–378}
}

@article{Hellinger2019,
  title = {Turbulence versus Fire-hose Instabilities: 3D Hybrid Expanding Box Simulations},
  volume = {883},
  ISSN = {1538-4357},
  url = {http://dx.doi.org/10.3847/1538-4357/ab3e01},
  DOI = {10.3847/1538-4357/ab3e01},
  number = {2},
  journal = {The Astrophysical Journal},
  publisher = {American Astronomical Society},
  author = {Hellinger,  Petr and Matteini,  Lorenzo and Landi,  Simone and Franci,  Luca and Verdini,  Andrea and Papini,  Emanuele},
  year = {2019},
  month = oct,
  pages = {178}
}

@article{Innocenti2019,
  title = {Onset and Evolution of the Oblique,  Resonant Electron Firehose Instability in the Expanding Solar Wind Plasma},
  volume = {883},
  ISSN = {1538-4357},
  url = {http://dx.doi.org/10.3847/1538-4357/ab3e40},
  DOI = {10.3847/1538-4357/ab3e40},
  number = {2},
  journal = {The Astrophysical Journal},
  publisher = {American Astronomical Society},
  author = {Innocenti,  Maria Elena and Tenerani,  Anna and Boella,  Elisabetta and Velli,  Marco},
  year = {2019},
  month = sep,
  pages = {146}
}
@article{Micera2021,
  title = {On the Role of Solar Wind Expansion as a Source of Whistler Waves: Scattering of Suprathermal Electrons and Heat Flux Regulation in the Inner Heliosphere},
  volume = {919},
  ISSN = {1538-4357},
  url = {http://dx.doi.org/10.3847/1538-4357/ac1067},
  DOI = {10.3847/1538-4357/ac1067},
  number = {1},
  journal = {The Astrophysical Journal},
  publisher = {American Astronomical Society},
  author = {Micera,  A. and Zhukov,  A. N. and López,  R. A. and Boella,  E. and Tenerani,  A. and Velli,  M. and Lapenta,  G. and Innocenti,  M. E.},
  year = {2021},
  month = sep,
  pages = {42}
}

@article{Bhatnagar1954,
  title = {A Model for Collision Processes in Gases. I. Small Amplitude Processes in Charged and Neutral One-Component Systems},
  volume = {94},
  ISSN = {0031-899X},
  url = {http://dx.doi.org/10.1103/PhysRev.94.511},
  DOI = {10.1103/physrev.94.511},
  number = {3},
  journal = {Physical Review},
  publisher = {American Physical Society (APS)},
  author = {Bhatnagar,  P. L. and Gross,  E. P. and Krook,  M.},
  year = {1954},
  month = may,
  pages = {511–525}
}
@misc{Medvedev2017,
  doi = {10.48550/ARXIV.1705.03169},
  url = {https://arxiv.org/abs/1705.03169},
  author = {Medvedev,  Mikhail V.},
  keywords = {High Energy Astrophysical Phenomena (astro-ph.HE),  Plasma Physics (physics.plasm-ph),  FOS: Physical sciences,  FOS: Physical sciences},
  title = {Quasi-nonlinear approach to the Weibel instability},
  publisher = {arXiv},
  year = {2017},
  copyright = {arXiv.org perpetual,  non-exclusive license}
}